@article{liu2023surveillance,
  title={{Surveillance of SARS-CoV-2 at the Huanan Seafood Market}},
  author={Liu, William J and Liu, Peipei and Lei, Wenwen and Jia, Zhiyuan and He, Xiaozhou and Shi, Weifeng and Tan, Yun and Zou, Shumei and Wong, Gary and Wang, Ji and others},
  journal={Nature},
  volume = {DOI: 10.1038/s41586-023-06043-2},
  year={2023},
  publisher={Nature Publishing Group UK London},
  note = {\url{https://www.nature.com/articles/s41586-023-06043-2}},
}

@article{liu2023surveillance-chinaxiv,
  title={{Surveillance of SARS-CoV-2 at the Huanan Seafood Market}},
  author={Liu, William J and Liu, Peipei and Lei, Wenwen and Jia, Zhiyuan and He, Xiaozhou and Shi, Weifeng and Tan, Yun and Zou, Shumei and Wong, Gary and Wang, Ji and others},
  journal={ChinaXiv},
  volume = {DOI: 10.12074/202303.10351V1},
  year={2023},
  note = {\url{https://chinaxiv.org/abs/202303.10351V1}},
}

@article{liu2022surveillance,
  title={{Surveillance of SARS-CoV-2 in the environment and animal samples of the Huanan Seafood Market}},
  author={Liu, William and Liu, Peipei and Lei, Wenwen and Jia, Zhiyuan and He, Xiaozhou and Liu, Lin-Lin and Shi, Weifeng and Tan, Yun and Zou, Shumei and others},
  year={2022},
  journal={Research Square},
  volume={DOI 10.21203/rs.3.rs-1370392/v1},
  note = {\url{https://www.researchsquare.com/article/rs-1370392/v1}},
}

@article{crits2023genetic,
  title={{Genetic evidence of susceptible wildlife in SARS-CoV-2 positive samples at the Huanan Wholesale Seafood Market, Wuhan: Analysis and interpretation of data released by the Chinese Center for Disease Control}},
  author={Crits-Christoph, Alex and Gangavarapu, Karthik and Pekar, Jonathan E and Moshiri, Niema and Singh, Reema and Levy, Joshua I and Goldstein, Stephen A and Suchard, Marc A and Popescu, Saskia and Robertson, David L and others},
  year={2023},
  journal={Zenodo},
  volume = {DOI 10.5281/zenodo.7754299},
  note = {\url{https://zenodo.org/record/7754299#.ZEUz_uzMLX0}},
}

@misc{cohen2023new,
  title={{A new pandemic origin report is stirring controversy. Here are key takeaways}},
  author={Cohen, Jon},
  year={2023},
  howpublished={Science},
  note={\url{https://www.science.org/content/article/covid-origin-report-controversy}},
}

@misc{gisaid_statement,
  title={{GISAID comments on the speculations surrounding data availability}},
  author={GISAID},
  year={2023},
  note={\url{https://gisaid.org/statements-clarifications/data-availability/}},
}

@misc{ProMED2109,
  title = {Undiagnosed pneumonia---{China (Hubei)}: Request for information},
  author = {ProMED},
  year = {2019},
  note = {\url{https://promedmail.org/promed-post/?id=6864153}},
}

@misc{GlobalTimes2020,
  title = {Wuhan's Huanan seafood market a victim of {COVID-19}: {CDC} director},
  author = {{Global Times}},
  year = {2020},
  note = {\url{https://www.globaltimes.cn/content/1189506.shtml}, archived at \url{https://web.archive.org/web/20200528062530/https://www.globaltimes.cn/content/1189506.shtml}},
}

@article{cohen2020wuhan,
  title={Wuhan seafood market may not be source of novel virus spreading globally},
  author={Cohen, Jon},
  journal={Science},
  volume={10},
  pages = {10.1126/science.abb0611},
  year={2020},
  note={\url{https://www.science.org/content/article/wuhan-seafood-market-may-not-be-source-novel-virus-spreading-globally}},
}

@misc{healthcommission2019,
  title = {{Wuhan Municipal Health Commission's briefing on the current situation of pneumonia in our city}},
  year = {2019},
  author = {{Wuhan Municipal Health Commission}},
  note = {The original report has been deleted, but archived versions are available on the Wayback Machine at \url{https://web.archive.org/web/20200131202951/http:/wjw.wuhan.gov.cn/front/web/showDetail/2019123108989}},
}

@misc{healthcommission2020,
  title = {{Wuhan Municipal Health Commission's report on viral pneumonia of unknown cause}},
  year = {2020},
  author = {{Wuhan Municipal Health Commission}},
  note = {The original report has been deleted, but archived versions are available on the Wayback Machine at \url{https://web.archive.org/web/20200111023106/http://wjw.wuhan.gov.cn/front/web/showDetail/2020011109035}},
}

@misc{who2020,
  title = {{Pneumonia of unknown cause -- China}},
  author = {{WHO}},
  year = {2020},
  note = {\url{https://www.who.int/emergencies/disease-outbreak-news/item/2020-DON229}},
}

@article{xiao2021animal,
  title={{Animal sales from Wuhan wet markets immediately prior to the COVID-19 pandemic}},
  author={Xiao, Xiao and Newman, Chris and Buesching, Christina D and Macdonald, David W and Zhou, Zhao-Min},
  journal={Scientific Reports},
  volume={11},
  number={1},
  pages={1--7},
  year={2021},
  publisher={Springer},
  note = {\url{https://www.nature.com/articles/s41598-021-91470-2}},
}

@article{courtier2022sars,
  title={{SARS-CoV-2 infection at the Huanan seafood market}},
  author={Courtier-Orgogozo, Virginie and de Ribera, Francisco A},
  journal={Environmental Research},
  volume={214},
  pages={113702},
  year={2022},
  publisher={Elsevier},
  note = {\url{https://www.sciencedirect.com/science/article/pii/S0013935122010295}},
}

@article{worobey2022huanan,
  title={{The Huanan Seafood Wholesale Market in Wuhan was the early epicenter of the COVID-19 pandemic}},
  author={Worobey, Michael and Levy, Joshua I and Malpica Serrano, Lorena and Crits-Christoph, Alexander and Pekar, Jonathan E and Goldstein, Stephen A and Rasmussen, Angela L and Kraemer, Moritz UG and Newman, Chris and Koopmans, Marion PG and others},
  journal={Science},
  volume={377},
  number={6609},
  pages={951--959},
  year={2022},
  publisher={American Association for the Advancement of Science},
  note = {\url{https://www.science.org/doi/10.1126/science.abp8715}},
}

@article{cohen2022studies,
  title = {Studies bolster pandemic origin in {W}uhan animal market},
  author = {Cohen, Jon},
  journal = {Science},
  volume = {375},
  issue = {6584},
  pages = {946 - 947},
  year = {2022},
  note = {\url{https://www.science.org/doi/epdf/10.1126/science.adb1760}; see Tweet at \url{https://twitter.com/sciencecohen/status/1498658469775298568} for image of figure from 2022 Chinese CDC pre-print},
}

@article{wu2023atlantic,
 title = {The strongest evidence that an animal started the pandemic},
 author = {Wu, Katherine J},
 year = {2023},
 journal = {The Atlantic},
 note = {\url{https://www.theatlantic.com/science/archive/2023/03/covid-origins-research-raccoon-dogs-wuhan-market-lab-leak/673390/}},
}

@article{mueller2023nytimes,
 title = {New Data Links Pandemic’s Origins to Raccoon Dogs at {Wuhan} Market},
 author = {Mueller, Benjamin},
 year = {2023},
 journal = {The New York Times},
 note = {\url{https://www.nytimes.com/2023/03/16/science/covid-wuhan-market-raccoon-dogs-lab-leak.html}}
}

@article{hvistendahl2023,
 title = {Chinese Censorship Is Quietly Rewriting the {Covid-19} Story},
 author = {Hvistendahl, Mara and Mueller, Benjamin},
 year = {2023},
 journal = {The New York Times},
 note = {\url{https://www.nytimes.com/2023/04/23/world/europe/chinese-censorship-covid.html}},
}

@article{cohen2023unearthed,
 title = {{Unearthed genetic sequences from China market may point to animal origin of COVID-19}},
 author = {Cohen, Jon},
 year = {2023},
 journal = {Science},
 note = {\url{https://www.science.org/content/article/covid-19-origins-missing-sequences}},
}

@article{cohen2022anywhere,
  title = {{Anywhere but here: China now insists the pandemic didn’t start within its borders. Its scientists are publishing a flurry of papers pointing the finger elsewhere}},
  author = {Cohen, Jon},
  journal = {Science},
  year = {2022},
  note = {\url{https://www.science.org/content/article/pandemic-start-anywhere-but-here-argue-papers-chinese-scientists-echoing-party-line}},
}

@misc{GlobalTimes2020,
  title = {Wuhan's Huanan seafood market a victim of {COVID-19}: {CDC} director},
  author = {{Global Times}},
  year = {2020},
  note = {\url{https://www.globaltimes.cn/content/1189506.shtml}, archived at \url{https://web.archive.org/web/20200528062530/https://www.globaltimes.cn/content/1189506.shtml}},
}

@article{huang2020clinical,
  title={Clinical features of patients infected with 2019 novel coronavirus in {Wuhan, China}},
  author={Huang, Chaolin and Wang, Yeming and Li, Xingwang and Ren, Lili and Zhao, Jianping and Hu, Yi and Zhang, Li and Fan, Guohui and Xu, Jiuyang and Gu, Xiaoying and others},
  journal={Lancet},
  volume={395},
  number={10223},
  pages={497--506},
  year={2020},
  publisher={Elsevier},
  note = {\url{https://www.thelancet.com/article/S0140-6736(20)30183-5/fulltext}},
}

@article{chen2020epidemiological,
  title={Epidemiological and clinical characteristics of 99 cases of 2019 novel coronavirus pneumonia in {Wuhan, China}: a descriptive study},
  author={Chen, Nanshan and Zhou, Min and Dong, Xuan and Qu, Jieming and Gong, Fengyun and Han, Yang and Qiu, Yang and Wang, Jingli and Liu, Ying and Wei, Yuan and others},
  journal={Lancet},
  volume={395},
  number={10223},
  pages={507--513},
  year={2020},
  publisher={Elsevier},
  note = {\url{https://www.thelancet.com/journals/lancet/article/PIIS0140-6736(20)30211-7/fulltext}},
}

@article{phan2020importation,
  title={Importation and human-to-human transmission of a novel coronavirus in Vietnam},
  author={Phan, Lan T and Nguyen, Thuong V and Luong, Quang C and Nguyen, Thinh V and Nguyen, Hieu T and Le, Hung Q and Nguyen, Thuc T and Cao, Thang M and Pham, Quang D},
  journal={New England Journal of Medicine},
  volume={382},
  number={9},
  pages={872--874},
  year={2020},
  publisher={Mass Medical Soc},
  note = {\url{https://www.nejm.org/doi/full/10.1056/nejmc2001272}},
}

@article{li2020early,
  title={{Early transmission dynamics in Wuhan, China, of novel coronavirus--infected pneumonia}},
  author={Li, Qun and Guan, Xuhua and Wu, Peng and Wang, Xiaoye and Zhou, Lei and Tong, Yeqing and Ren, Ruiqi and Leung, Kathy SM and Lau, Eric HY and Wong, Jessica Y and others},
  journal={New England Journal of Medicine},
  year={2020},
  publisher={Mass Medical Soc},
  volume={382},
  pages={1199-1207},
  note={\url{https://www.nejm.org/doi/full/10.1056/nejmoa2001316}},
}

@article{nishiura2020initial,
  title={{Initial cluster of novel coronavirus (2019-nCoV) infections in Wuhan, China is consistent with substantial human-to-human transmission}},
  author={Nishiura, Hiroshi and Linton, Natalie M and Akhmetzhanov, Andrei R},
  journal={Journal of Clinical Medicine},
  volume={9},
  number={2},
  pages={488},
  year={2020},
  publisher={MDPI},
  note = {\url{https://www.mdpi.com/2077-0383/9/2/488}},
}

@article{chan2020familial,
  title={A familial cluster of pneumonia associated with the 2019 novel coronavirus indicating person-to-person transmission: a study of a family cluster},
  author={Chan, Jasper Fuk-Woo and Yuan, Shuofeng and Kok, Kin-Hang and To, Kelvin Kai-Wang and Chu, Hin and Yang, Jin and Xing, Fanfan and Liu, Jieling and Yip, Cyril Chik-Yan and Poon, Rosana Wing-Shan and others},
  journal={The Lancet},
  volume={395},
  number={10223},
  pages={514--523},
  year={2020},
  publisher={Elsevier},
  note = {\url{https://www.thelancet.com/journals/lancet/article/PIIS0140-6736(20)30154-9/fulltext}},
}

@misc{odni2022,
  title={Unclassified summary of assessment on {COVID-19} origins},
  author={{ODNI}},
  year={2022},
  note={\url{https://www.dni.gov/files/ODNI/documents/assessments/Unclassified-Summary-of-Assessment-on-COVID-19-Origins.pdf}},
}

@article{zhang2020viral,
  title={Viral and host factors related to the clinical outcome of {COVID-19}},
  author={Zhang, Xiaonan and Tan, Yun and Ling, Yun and Lu, Gang and Liu, Feng and Yi, Zhigang and Jia, Xiaofang and Wu, Min and Shi, Bisheng and Xu, Shuibao and others},
  journal={Nature},
  volume={583},
  number={7816},
  pages={437--440},
  year={2020},
  publisher={Nature Publishing Group UK London},
  note = {\url{https://www.nature.com/articles/s41586-020-2355-0}},
}

@article{pipes2021assessing,
  title={Assessing uncertainty in the rooting of the {SARS-CoV-2} phylogeny},
  author={Pipes, Lenore and Wang, Hongru and Huelsenbeck, John P and Nielsen, Rasmus},
  journal={Molecular Biology and Evolution},
  volume={38},
  number={4},
  pages={1537--1543},
  year={2021},
  publisher={Oxford University Press},
  note = {\url{https://academic.oup.com/mbe/article/38/4/1537/6028993}},
}

@misc{zimmer2022,
 title = {He goes where the fire is: a virus hunter in the {Wuhan} market},
 author = {Zimmer, Carl},
 year = {2022},
 howpublished = {New York Times},
 note = {\url{https://www.nytimes.com/2022/03/21/health/covid-lab-leak-eddie-holmes.html}},
}

@misc{kang2020china,
 author = {Kang, Dake and Cheng, Maria and McNeil, Sam},
 year = {2020},
 title = {China clamps down in hidden hunt for coronavirus origins},
 howpublished={\url{https://apnews.com/article/united-nations-coronavirus-pandemic-china-only-on-ap-bats-24fbadc58cee3a40bca2ddf7a14d2955}},
 note={The actual China State Council order described in the article is at \url{https://www.documentcloud.org/documents/7340337-State-Research-regulations.html}},
}

@article{van2020emergence,
  title={Emergence of genomic diversity and recurrent mutations in {SARS-CoV-2}},
  author={van Dorp, Lucy and Acman, Mislav and Richard, Damien and Shaw, Liam P and Ford, Charlotte E and Ormond, Louise and Owen, Christopher J and Pang, Juanita and Tan, Cedric CS and Boshier, Florencia AT and others},
  journal={Infection, Genetics and Evolution},
  volume={83},
  pages={104351},
  year={2020},
  publisher={Elsevier},
  note={\url{https://www.sciencedirect.com/science/article/pii/S1567134820301829}},
}

@article{molder2021sustainable,
  title={Sustainable data analysis with {Snakemake}},
  author={M{\"o}lder, Felix and Jablonski, Kim Philipp and Letcher, Brice and Hall, Michael B and Tomkins-Tinch, Christopher H and Sochat, Vanessa and Forster, Jan and Lee, Soohyun and Twardziok, Sven O and Kanitz, Alexander and others},
  journal={F1000Research},
  volume={10},
  year={2021},
  publisher={Faculty of 1000 Ltd},
  note = {\url{https://f1000research.com/articles/10-33}},
}

@article{vanderplas2018altair,
  title={Altair: interactive statistical visualizations for Python},
  author={VanderPlas, Jacob and Granger, Brian and Heer, Jeffrey and Moritz, Dominik and Wongsuphasawat, Kanit and Satyanarayan, Arvind and Lees, Eitan and Timofeev, Ilia and Welsh, Ben and Sievert, Scott},
  journal={Journal of open source software},
  volume={3},
  number={32},
  pages={1057},
  year={2018},
  publisher={The Open Journal},
  note = {\url{https://joss.theoj.org/papers/10.21105/joss.01057}},
}

@article{chen2018fastp,
  title={fastp: an ultra-fast all-in-one {FASTQ} preprocessor},
  author={Chen, Shifu and Zhou, Yanqing and Chen, Yaru and Gu, Jia},
  journal={Bioinformatics},
  volume={34},
  number={17},
  pages={i884--i890},
  year={2018},
  publisher={Oxford University Press},
  note = {\url{https://academic.oup.com/bioinformatics/article/34/17/i884/5093234}},
}

@article{ondov2016mash,
  title={Mash: fast genome and metagenome distance estimation using {MinHash}},
  author={Ondov, Brian D and Treangen, Todd J and Melsted, P{\'a}ll and Mallonee, Adam B and Bergman, Nicholas H and Koren, Sergey and Phillippy, Adam M},
  journal={Genome biology},
  volume={17},
  number={1},
  pages={1--14},
  year={2016},
  publisher={BioMed Central},
  note = {\url{https://genomebiology.biomedcentral.com/articles/10.1186/s13059-016-0997-x}},
}

@article{li2018minimap2,
  title={Minimap2: pairwise alignment for nucleotide sequences},
  author={Li, Heng},
  journal={Bioinformatics},
  volume={34},
  number={18},
  pages={3094--3100},
  year={2018},
  publisher={Oxford University Press},
  note = {\url{https://academic.oup.com/bioinformatics/article/34/18/3094/4994778}},
}

@article{grabherr2011trinity,
  title={Trinity: reconstructing a full-length transcriptome without a genome from {RNA-Seq} data},
  author={Grabherr, Manfred G and Haas, Brian J and Yassour, Moran and Levin, Joshua Z and Thompson, Dawn A and Amit, Ido and Adiconis, Xian and Fan, Lin and Raychowdhury, Raktima and Zeng, Qiandong and others},
  journal={Nature Biotechnology},
  volume={29},
  number={7},
  pages={644},
  year={2011},
  publisher={NIH Public Access},
  note = {\url{https://www.nature.com/articles/nbt.1883}},
}

@article{pekar2021timing,
  title={Timing the {SARS-CoV-2} index case in Hubei province},
  author={Pekar, Jonathan and Worobey, Michael and Moshiri, Niema and Scheffler, Konrad and Wertheim, Joel O},
  journal={Science},
  volume={372},
  number={6540},
  pages={412--417},
  year={2021},
  publisher={American Association for the Advancement of Science},
  note = {\url{https://www.science.org/doi/full/10.1126/science.abf8003}},
}

@article{he2020evaluating,
  title={Evaluating Incidence and Impact Estimates of the Coronavirus Outbreak from Official and Non-Official Chinese Data Sources},
  author={He, Mai and Dunn, Lucia F},
  journal={SSRN},
  volume = {DOI 10.2139/ssrn.3540636},
  year={2020},
  note = {\url{https://papers.ssrn.com/sol3/Papers.cfm?abstract_id=3540636}},
}

@article{pekar2022molecular,
  title={The molecular epidemiology of multiple zoonotic origins of {SARS-CoV-2}},
  author={Pekar, Jonathan E and Magee, Andrew and Parker, Edyth and Moshiri, Niema and Izhikevich, Katherine and Havens, Jennifer L and Gangavarapu, Karthik and Malpica Serrano, Lorena Mariana and Crits-Christoph, Alexander and Matteson, Nathaniel L and others},
  journal={Science},
  volume={377},
  number={6609},
  pages={960--966},
  year={2022},
  publisher={American Association for the Advancement of Science},
  note = {\url{https://www.science.org/doi/full/10.1126/science.abp8337}},
}

@misc{ma2020SCMP,
  author = {Ma, Josephine},
  year = {2020},
  title = {{Coronavirus: China’s first confirmed Covid-19 case traced back to November 17}},
  howpublished = {South China Morning Post},
  note = {\url{https://www.scmp.com/news/china/society/article/3074991/coronavirus-chinas-first-confirmed-covid-19-case-traced-back}, archived at \url{https://web.archive.org/web/20200315011702/https://www.scmp.com/news/china/society/article/3074991/coronavirus-chinas-first-confirmed-covid-19-case-traced-back}},
}

@article{bloom2021recovery,
  title={Recovery of deleted deep sequencing data sheds more light on the early {Wuhan SARS-CoV-2} epidemic},
  author={Bloom, Jesse D},
  journal={Molecular Biology and Evolution},
  volume={38},
  number={12},
  pages={5211--5224},
  year={2021},
  publisher={Oxford University Press}
}
